@TECHREPORT{gail2006improver,
author = {{Transport Research Laboratory}},
institution = {European Union},
publisher = {European Union},
title = {{IMPROVER: impact assessment of road safety measures for vehicles and road equipment. Subproject 1: impact on road safety due to the increasing of sports utility and multipurpose vehicles}},
url = {http://ec.europa.eu/transport/roadsafety\_library/publications/improver\_final\_report\_sp1\_annex\_060405.pdf},
year = {2006}
}
@article{Lovelace2014-vul,
author = {Lovelace, Robin and Philips, Ian},
doi = {http://dx.doi.org/10.1016/j.geoforum.2013.11.005},
issn = {0016-7185},
journal = {Geoforum},
keywords = {Commuting,Oil vulnerability,Peak oil},
month = jan,
number = {0},
pages = {169--182},
title = {{The ‘oil vulnerability’ of commuter patterns: A case study from Yorkshire and the Humber, UK}},
url = {http://www.sciencedirect.com/science/article/pii/S0016718513002480 http://eprints.whiterose.ac.uk/77115/},
volume = {51},
year = {2014}
}

@incollection{Ballas2013-4policy-analysis,
address = {Berlin, Heidelberg},
author = {Ballas, Dimitris and Clarke, Graham and Hynes, Stephen and Lennon, John and Morrissey, Karyn and Donoghue, Cathal O},
booktitle = {Spatial Microsimulation for Rural Policy Analysis},
chapter = {3},
doi = {10.1007/978-3-642-30026-4},
editor = {O'Donoghue, Cathal and Ballas, Dimitris and Clarke, Graham and Hynes, Stephen and Morrissey, Karyn},
file = {::},
isbn = {978-3-642-30025-7},
pages = {35--54},
publisher = {Springer Berlin Heidelberg},
series = {Advances in Spatial Science},
title = {{A Review of Microsimulation for Policy Analysis}},
url = {http://www.springerlink.com/index/10.1007/978-3-642-30026-4},
year = {2012}
}
